<?xml version="1.0" encoding="UTF-8"?><collection xmlns="http://www.loc.gov/MARC21/slim"><record><leader>00451nam--2200121-i-4500</leader><controlfield tag="001">000024200</controlfield><controlfield tag="002">20161230</controlfield><controlfield tag="005">20161230201035</controlfield><controlfield tag="008">060222s1000------------r-----000-0-eng-d</controlfield><datafield ind1=" " ind2=" " tag="080"><subfield code="a">629.039:621.311.2(061.3)</subfield></datafield><datafield ind1=" " ind2=" " tag="245"><subfield code="a">International conference on nuclear power experience, vienna, 13-17 september 1982: (iaea-cn-42) - nuclear power5 production chairman. documents: nr.39, 68, 69, 77, 99, 165, 286, 328, 383</subfield></datafield><datafield ind1=" " ind2=" " tag="260"><subfield code="a">Vienna, Iaea, 1982</subfield></datafield><datafield ind1=" " ind2=" " tag="852"><subfield code="a">70759</subfield></datafield></record></collection>